<record><leader>00000cas a22000007a 4500</leader><controlfield tag="001">8801028</controlfield><controlfield tag="008">820923d18921895coudr ne      0   a0eng  </controlfield><datafield ind1=" " ind2=" " tag="010"><subfield code="a">sn 82014811 </subfield></datafield><datafield ind1=" " ind2=" " tag="040"><subfield code="a">DLC</subfield><subfield code="b">eng</subfield><subfield code="c">DLC</subfield><subfield code="d">CNQ</subfield><subfield code="d">CGAVW</subfield><subfield code="d">OCLCO</subfield></datafield><datafield ind1="1" ind2=" " tag="029"><subfield code="a">AU@</subfield><subfield code="b">000025822542</subfield></datafield><datafield ind1=" " ind2=" " tag="042"><subfield code="a">msc</subfield></datafield><datafield ind1="0" ind2="0" tag="050"><subfield code="a">Newspaper 7211-X</subfield></datafield><datafield ind1="0" ind2="4" tag="245"><subfield code="a">The Creede chronicle.</subfield></datafield><datafield ind1="0" ind2="3" tag="246"><subfield code="a">Spar City spark</subfield></datafield><datafield ind1=" " ind2=" " tag="260"><subfield code="a">Creede, Colo. :</subfield><subfield code="b">Creede Chronicle Co.,</subfield></datafield><datafield ind1=" " ind2=" " tag="300"><subfield code="a">v.</subfield></datafield><datafield ind1=" " ind2=" " tag="310"><subfield code="a">Daily</subfield></datafield><datafield ind1="0" ind2=" " tag="362"><subfield code="a">Vol. 1, no. 1 (Mar. 22, 1892)-</subfield></datafield><datafield ind1="1" ind2=" " tag="362"><subfield code="a">Ceased in 1895.</subfield><subfield code="z">Cf. Oehlerts, D.  Guide to Colo. newspapers, 1964.</subfield></datafield><datafield ind1=" " ind2=" " tag="530"><subfield code="a">Available on microfilm from the Colorado Historical Society.</subfield></datafield><datafield ind1=" " ind2=" " tag="580"><subfield code="a">Issued with: Creede amethyst, Mar. 22, 1892.</subfield></datafield><datafield ind1=" " ind2="0" tag="650"><subfield code="a">Arapaho Indians.</subfield></datafield><datafield ind1=" " ind2="0" tag="650"><subfield code="a">Mines and mineral resources</subfield><subfield code="z">Colorado.</subfield></datafield><datafield ind1=" " ind2="0" tag="651"><subfield code="a">Creede (Colo.)</subfield><subfield code="x">Periodicals.</subfield></datafield><datafield ind1=" " ind2="0" tag="651"><subfield code="a">Creede (Colo.)</subfield><subfield code="x">History</subfield><subfield code="v">Sources.</subfield></datafield><datafield ind1=" " ind2=" " tag="752"><subfield code="a">United States</subfield><subfield code="b">Colorado</subfield><subfield code="c">Mineral</subfield><subfield code="d">Creede.</subfield></datafield><datafield ind1=" " ind2=" " tag="752"><subfield code="a">United States</subfield><subfield code="b">Colorado</subfield><subfield code="c">Hinsdale</subfield><subfield code="d">Creede.</subfield></datafield><datafield ind1="1" ind2=" " tag="777"><subfield code="t">Creede amethyst</subfield><subfield code="w">(DLC)sn 90051726</subfield></datafield><datafield ind1="0" ind2="5" tag="780"><subfield code="t">Creede amethyst</subfield><subfield code="w">(DLC)sn 90051726</subfield></datafield></record>